@article{neil2015practical,
  title={Practical Vim: Edit Text at the Speed of Thought},
  author={Neil, Drew},
  journal={Practical Vim},
  pages={1--356},
  year={2015},
  publisher={The Pragmatic Bookshelf}
}